<collection xmlns="http://www.loc.gov/MARC21/slim">
<record>
  <leader>01272ncm0a22002771i 450 </leader>
  <controlfield tag="001">IT\ICCU\CNCE\044879</controlfield>
  <controlfield tag="005">19990329000000.0</controlfield>
  <datafield tag="100" ind1=" " ind2=" ">
    <subfield code="a">19990119d1599        0itac0103    ba</subfield>
  </datafield>
  <datafield tag="101" ind1=" " ind2=" ">
    <subfield code="a">LAT</subfield>
  </datafield>
  <datafield tag="102" ind1=" " ind2=" ">
    <subfield code="a">IT</subfield>
  </datafield>
  <datafield tag="200" ind1="1" ind2=" ">
    <subfield code="a">Missarum cum quatuor, quinque ac sex vocibus. Liber secundus</subfield>
  </datafield>
  <datafield tag="210" ind1=" " ind2=" ">
    <subfield code="a">Roma</subfield>
    <subfield code="c">Niccol ̣Muzi</subfield>
    <subfield code="d">1599</subfield>
  </datafield>
  <datafield tag="300" ind1=" " ind2=" ">
    <subfield code="a">RISM : 6, P 662</subfield>
  </datafield>
  <datafield tag="620" ind1=" " ind2=" ">
    <subfield code="a">IT</subfield>
    <subfield code="d">Roma</subfield>
  </datafield>
  <datafield tag="700" ind1=" " ind2="1">
    <subfield code="a">Palestrina,</subfield>
    <subfield code="b">Giovanni Pierluigi : da</subfield>
    <subfield code="3">IT\ICCU\CNCA\011746</subfield>
  </datafield>
  <datafield tag="712" ind1="0" ind2="0">
    <subfield code="a"></subfield>
    <subfield code="3">IT\ICCU\CNCT\000096</subfield>
    <subfield code="4">650</subfield>
  </datafield>
  <datafield tag="790" ind1=" " ind2="1">
    <subfield code="a">Praenestinus,</subfield>
    <subfield code="b">Ioannes Petrus Aloysius</subfield>
    <subfield code="3">IT\ICCU\CNCA\021937</subfield>
    <subfield code="z">Palestrina, Giovanni Pierluigi : da</subfield>
  </datafield>
  <datafield tag="790" ind1=" " ind2="0">
    <subfield code="a">Giannetto</subfield>
    <subfield code="3">IT\ICCU\CNCA\021938</subfield>
    <subfield code="z">Palestrina, Giovanni Pierluigi : da</subfield>
  </datafield>
  <datafield tag="790" ind1=" " ind2="1">
    <subfield code="a">Praenestinus,</subfield>
    <subfield code="b">Ioannes Petraloysius</subfield>
    <subfield code="3">IT\ICCU\CNCA\021939</subfield>
    <subfield code="z">Palestrina, Giovanni Pierluigi : da</subfield>
  </datafield>
  <datafield tag="790" ind1=" " ind2="1">
    <subfield code="a">Praenestinus,</subfield>
    <subfield code="b">Joannes Petrus Aloysius</subfield>
    <subfield code="3">IT\ICCU\CNCA\021940</subfield>
    <subfield code="z">Palestrina, Giovanni Pierluigi : da</subfield>
  </datafield>
  <datafield tag="791" ind1="0" ind2="0">
    <subfield code="a">Mutius, Nicolaus</subfield>
    <subfield code="3">IT\ICCU\CNCT\002392</subfield>
    <subfield code="z"></subfield>
  </datafield>
  <datafield tag="791" ind1="0" ind2="0">
    <subfield code="a">Mucio, Nicolas</subfield>
    <subfield code="3">IT\ICCU\CNCT\002393</subfield>
    <subfield code="z"></subfield>
  </datafield>
  <datafield tag="791" ind1="0" ind2="0">
    <subfield code="a"></subfield>
    <subfield code="3">IT\ICCU\CNCT\005245</subfield>
    <subfield code="z"></subfield>
  </datafield>
  <datafield tag="791" ind1="0" ind2="0">
    <subfield code="a"></subfield>
    <subfield code="3">IT\ICCU\CNCT\005248</subfield>
    <subfield code="z"></subfield>
  </datafield>
  <datafield tag="791" ind1="0" ind2="0">
    <subfield code="a">Mutio, Nicolo</subfield>
    <subfield code="3">IT\ICCU\CNCT\005249</subfield>
    <subfield code="z"></subfield>
  </datafield>
  <datafield tag="801" ind1=" " ind2="3">
    <subfield code="a">IT</subfield>
    <subfield code="b">ICCU</subfield>
    <subfield code="c">20201114</subfield>
  </datafield>
</record>
</collection>
